<record><leader>00000cas a22000007a 4500</leader><controlfield tag="001">20739011</controlfield><controlfield tag="008">891206c19549999mouwr ne      0    0eng d</controlfield><datafield ind1=" " ind2=" " tag="010"><subfield code="a">sn 89067531 </subfield></datafield><datafield ind1=" " ind2=" " tag="040"><subfield code="a">MQN</subfield><subfield code="b">eng</subfield><subfield code="c">MQN</subfield><subfield code="d">OCLCQ</subfield></datafield><datafield ind1=" " ind2=" " tag="042"><subfield code="a">msc</subfield></datafield><datafield ind1="0" ind2="4" tag="245"><subfield code="a">The Cass County democrat-Missourian.</subfield></datafield><datafield ind1=" " ind2=" " tag="260"><subfield code="a">Harrisonville, Cass County, Mo. :</subfield><subfield code="b">J.W. Sexton [and] Elizabeth Catherine Sexton,</subfield><subfield code="c">1954-</subfield></datafield><datafield ind1=" " ind2=" " tag="300"><subfield code="a">v.</subfield></datafield><datafield ind1=" " ind2=" " tag="310"><subfield code="a">Weekly</subfield></datafield><datafield ind1="0" ind2=" " tag="362"><subfield code="a">Vol. 74, no. 38 (Sept. 9, 1954)-</subfield></datafield><datafield ind1=" " ind2=" " tag="515"><subfield code="a">Continues numbering of: Cass County democrat (Harrisonville, Mo.).</subfield></datafield><datafield ind1=" " ind2=" " tag="752"><subfield code="a">United States</subfield><subfield code="b">Missouri</subfield><subfield code="c">Cass</subfield><subfield code="d">Harrisonville.</subfield></datafield><datafield ind1="0" ind2="4" tag="780"><subfield code="t">Missourian (Harrisonville, Mo.)</subfield><subfield code="w">(DLC)sn 89067529</subfield></datafield><datafield ind1="0" ind2="4" tag="780"><subfield code="t">Cass County democrat (Harrisonville, Mo.)</subfield><subfield code="w">(DLC)sn 89067530</subfield></datafield></record>